@book{nielsen_chuang_2010, place={Cambridge}, title={Quantum Computation and Quantum Information: 10th Anniversary Edition}, DOI={10.1017/CBO9780511976667}, publisher={Cambridge University Press}, author={Nielsen, Michael A. and Chuang, Isaac L.}, year={2010}}

@book{Qiskit-Textbook,
	author = {Amira Abbas and Stina Andersson and Abraham Asfaw and Antonio Corcoles and Luciano Bello and Yael Ben-Haim and Mehdi Bozzo-Rey and Sergey Bravyi and Nicholas Bronn and Lauren Capelluto and Almudena Carrera Vazquez and Jack Ceroni and Richard Chen and Albert Frisch and Jay Gambetta and Shelly Garion and Leron Gil and Salvador De La Puente Gonzalez and Francis Harkins and Takashi Imamichi and Pavan Jayasinha and Hwajung Kang and Amir h. Karamlou and Robert Loredo and David McKay and Alberto Maldonado and Antonio Macaluso and Antonio Mezzacapo and Zlatko Minev and Ramis Movassagh and Giacomo Nannicini and Paul Nation and Anna Phan and Marco Pistoia and Arthur Rattew and Joachim Schaefer and Javad Shabani and John Smolin and John Stenger and Kristan Temme and Madeleine Tod and Ellinor Wanzambi and Stephen Wood and James Wootton.},
	Publisher = {IBM},
	title = {Learn Quantum Computation Using Qiskit},
	year = {2020},
	url = {http://community.qiskit.org/textbook},
}

@book{Homeister-2022,
Author = {Homeister, Matthias},
ISBN = {9783658364342},
Publisher = {Springer Fachmedien Wiesbaden},
Series = {Computational Intelligence},
Title = {Quantum Computing verstehen},
URL = {https://widgets.ebscohost.com/prod/customerspecific/s9218820/vpn/vpn_fhdo.php?url=https://search.ebscohost.com/login.aspx?direct=true&db=cat05973a&AN=fhbd.731156&lang=de&site=eds-live&scope=site},
Year = {2022},
}